
@book{tanenbaum1995sistemas,
  title={Sistemas operacionais modernos},
  author={Tanenbaum, Andrew S and Machado Filho, Nery},
  volume={3},
  year={1995},
  publisher={Prentice-Hall}
}

@book{tanenbaum2009sistemas,
  title={Sistemas Operacionais: Projetos e Implementa{\c{c}}{\~a}o},
  author={Tanenbaum, Andrew S and Woodhull, Albert S},
  year={2009},
  publisher={Bookman Editora}
}

@book{hennessy2014organizaccao,
  title={Organiza{\c{c}}{\~a}o e projeto de computadores: a interface hardware/software},
  author={Hennessy, John L and Patterson, David A},
  volume={4},
  year={2014},
  publisher={Elsevier Brasil}
}

@misc{stallings2010arquitetura,
  title={Arquitetura e Organiza{\c{c}}{\~a}o de Computadores 8a Edi{\c{c}}{\~a}o},
  author={Stallings, William},
  year={2010},
  publisher={Prentice-Hall, Pearson}
}